<?xml version="1.0" encoding="UTF-8"?><collection xmlns="http://www.loc.gov/MARC21/slim"><record><leader>00611nam--2200193-i-4500</leader><controlfield tag="001">000018897</controlfield><controlfield tag="002">20161230</controlfield><controlfield tag="005">20161230201032</controlfield><controlfield tag="008">060222s1000------------r-----000-0-ger-d</controlfield><datafield ind1=" " ind2=" " tag="040"><subfield code="a">IFIN-HH</subfield></datafield><datafield ind1=" " ind2=" " tag="041"><subfield code="a">ger</subfield></datafield><datafield ind1=" " ind2=" " tag="080"><subfield code="a">531.5</subfield></datafield><datafield ind1="1" ind2=" " tag="100"><subfield code="a">Treder, H.-J</subfield></datafield><datafield ind1="1" ind2="0" tag="245"><subfield code="a">Einstein-symposium. entstehung, entwicklung und perspektiven der einsteinschen gravitation stheorie, vom 2-5 november 1965 in berlin. hrsg. von h.j.treder</subfield></datafield><datafield ind1=" " ind2=" " tag="260"><subfield code="a">Berlin, Akademie-verlag, 1966</subfield></datafield><datafield ind1=" " ind2=" " tag="300"><subfield code="a">314 P</subfield></datafield><datafield ind1=" " ind2=" " tag="490"><subfield code="a">Deutsche Akademie Der Wissenschaften Zu Berlin</subfield></datafield><datafield ind1=" " ind2=" " tag="852"><subfield code="a">24768</subfield><subfield code="c">531</subfield></datafield><datafield ind1=" " ind2=" " tag="CAT"><subfield code="a">Sys</subfield><subfield code="c">20100623</subfield><subfield code="h">100238</subfield></datafield></record></collection>